/Users/map/TexDocs/Bib/biblio.bib